<record><leader>00000cas a2200000 a 4500</leader><controlfield tag="001">31018464</controlfield><controlfield tag="008">940826d19641971iluwr ne      0   a0eng c</controlfield><datafield ind1=" " ind2=" " tag="010"><subfield code="a">sn 94054582 </subfield></datafield><datafield ind1=" " ind2=" " tag="040"><subfield code="a">NVF</subfield><subfield code="b">eng</subfield><subfield code="c">NVF</subfield><subfield code="d">NSD</subfield><subfield code="d">CVF</subfield><subfield code="d">NVF</subfield><subfield code="d">OCLCO</subfield><subfield code="d">NVF</subfield><subfield code="d">OCLCO</subfield></datafield><datafield ind1="1" ind2=" " tag="029"><subfield code="a">AU@</subfield><subfield code="b">000011230119</subfield></datafield><datafield ind1=" " ind2=" " tag="042"><subfield code="a">pcc</subfield></datafield><datafield ind1=" " ind2=" " tag="043"><subfield code="a">n-us-il</subfield></datafield><datafield ind1="0" ind2="4" tag="245"><subfield code="a">The Proviso herald.</subfield></datafield><datafield ind1=" " ind2=" " tag="260"><subfield code="a">Bellwood, Ill. :</subfield><subfield code="b">Pioneer Newspapers,</subfield><subfield code="c">1964-1971.</subfield></datafield><datafield ind1=" " ind2=" " tag="300"><subfield code="a">v.</subfield></datafield><datafield ind1=" " ind2=" " tag="310"><subfield code="a">Weekly</subfield></datafield><datafield ind1="0" ind2=" " tag="362"><subfield code="a">Vol. 80, no. 20 (May 14, 1964)-v. 85, no. 10 (Mar. 21, 1968) ; v. 35, no. 11 (Mar. 28, 1968)-v. 37, no. 14 (Apr. 22, 1971).</subfield></datafield><datafield ind1=" " ind2=" " tag="515"><subfield code="a">Continues the numbering of Herald (Maywood, Ill.).</subfield></datafield><datafield ind1=" " ind2=" " tag="530"><subfield code="a">Also available via the World Wide Web.</subfield></datafield><datafield ind1=" " ind2=" " tag="580"><subfield code="a">Split into: Maywood herald (Oak Park, Ill.), and: West Proviso herald, and: Herald (Oak Park, Ill.).</subfield></datafield><datafield ind1=" " ind2="0" tag="651"><subfield code="a">Bellwood (Ill.)</subfield><subfield code="v">Newspapers.</subfield></datafield><datafield ind1=" " ind2="0" tag="651"><subfield code="a">Berkeley (Ill.)</subfield><subfield code="v">Newspapers.</subfield></datafield><datafield ind1=" " ind2="0" tag="651"><subfield code="a">Broadview (Ill.)</subfield><subfield code="v">Newspapers.</subfield></datafield><datafield ind1=" " ind2="0" tag="651"><subfield code="a">Brookfield (Ill.)</subfield><subfield code="v">Newspapers.</subfield></datafield><datafield ind1=" " ind2="0" tag="651"><subfield code="a">Elmhurst (Ill.)</subfield><subfield code="v">Newspapers.</subfield></datafield><datafield ind1=" " ind2="0" tag="651"><subfield code="a">Forest Park (Ill.)</subfield><subfield code="v">Newspapers.</subfield></datafield><datafield ind1=" " ind2="0" tag="651"><subfield code="a">Hillside (Ill.)</subfield><subfield code="v">Newspapers.</subfield></datafield><datafield ind1=" " ind2="0" tag="651"><subfield code="a">La Grange Park (Ill.)</subfield><subfield code="v">Newspapers.</subfield></datafield><datafield ind1=" " ind2="0" tag="651"><subfield code="a">Maywood (Ill.)</subfield><subfield code="v">Newspapers.</subfield></datafield><datafield ind1=" " ind2="0" tag="651"><subfield code="a">Melrose Park (Ill.)</subfield><subfield code="v">Newspapers.</subfield></datafield><datafield ind1=" " ind2="0" tag="651"><subfield code="a">Northlake (Ill.)</subfield><subfield code="v">Newspapers.</subfield></datafield><datafield ind1=" " ind2="0" tag="651"><subfield code="a">Oak Brook (Ill.)</subfield><subfield code="v">Newspapers.</subfield></datafield><datafield ind1=" " ind2="0" tag="651"><subfield code="a">Stone Park (Ill.)</subfield><subfield code="v">Newspapers.</subfield></datafield><datafield ind1=" " ind2="0" tag="651"><subfield code="a">Westchester (Ill.)</subfield><subfield code="v">Newspapers.</subfield></datafield><datafield ind1=" " ind2="0" tag="651"><subfield code="a">Western Springs (Ill.)</subfield><subfield code="v">Newspapers.</subfield></datafield><datafield ind1=" " ind2="0" tag="651"><subfield code="a">Proviso (Ill. : Township)</subfield><subfield code="v">Newspapers.</subfield></datafield><datafield ind1=" " ind2=" " tag="752"><subfield code="a">United States</subfield><subfield code="b">Illinois</subfield><subfield code="c">Cook County</subfield><subfield code="d">Bellwood.</subfield></datafield><datafield ind1="0" ind2="0" tag="780"><subfield code="t">Herald (Maywood, Ill.)</subfield><subfield code="w">(DLC)sn 94054581</subfield><subfield code="w">(OCoLC)31018436</subfield></datafield><datafield ind1="1" ind2="6" tag="785"><subfield code="t">Maywood herald (Oak Park, Ill.)</subfield><subfield code="w">(DLC)sn 94054583</subfield><subfield code="w">(OCoLC)31018525</subfield></datafield><datafield ind1="1" ind2="6" tag="785"><subfield code="t">West Proviso herald</subfield><subfield code="x">1084-7928</subfield><subfield code="w">(DLC)sn 94060580</subfield><subfield code="w">(OCoLC)31072067</subfield></datafield><datafield ind1="1" ind2="6" tag="785"><subfield code="t">Herald (Oak Park, Ill.)</subfield><subfield code="w">(DLC)sn2001061221</subfield><subfield code="w">(OCoLC)46913563</subfield></datafield></record>